@manual{navod,
    title = {Návod k úloze 6 - Měření ionizujícího záření},
    author = {Beneš, Petr a kolektiv},
    year = 2025,
    organization = {UAMT FEKT VUT}
}

@manual{vypocty,
    title = {Základní terminologie a výpočty},
    author = {Beneš, Petr a kolektiv},
    year = 2025,
    organization = {UAMT FEKT VUT}
}

@manual{vyhlaska,
    title = {Vyhláška Státního úřadu pro jadernou bezpečnost o radiční ochraně},
    note = {citace 307/2002 Sb.},
    organization = {SBÍRKA PŘEDPISŮ ČR}
}