@manual{navod,
    title = {Úloha 5 - Měření otáček},
    author = {BENEŠ Petr a spol.},
    year = 2025,
    organization = {UAMT FEKT VUT}
}

@manual{vypocty,
    title = {Základní terminologie a výpočty},
    author = {BENEŠ Petr a spol.},
    year = 2025,
    organization = {UAMT FEKT VUT}
}